@article{netLogo,
  title = {Logo Programming and Problem Solving},
  author = {Roy D. Pea},
  journal = {HAL : archives-ouvertes},
  year = {1987},
  url = {https://hal.archives-ouvertes.fr/hal-00190546/document}
}
@book{compilateurs,
title = {Compilateurs : Principes, techniques et outils},
author = {Alfred Aho and Monica Lam and Ravi Sethi and Jeffrey Ullman},
publisher = {Pearson Education},
year = {2007}
}